<record><leader>00000cas a22000007a 4500</leader><controlfield tag="001">31109610</controlfield><controlfield tag="008">940914d1992199uakuuu ne      0   a0eng d</controlfield><datafield ind1=" " ind2=" " tag="010"><subfield code="a">sn 95060075 </subfield></datafield><datafield ind1=" " ind2=" " tag="040"><subfield code="a">ALK</subfield><subfield code="b">eng</subfield><subfield code="c">ALK</subfield><subfield code="d">ANE</subfield><subfield code="d">OCLCQ</subfield><subfield code="d">OCLCF</subfield><subfield code="d">OCLCO</subfield></datafield><datafield ind1="1" ind2=" " tag="029"><subfield code="a">AU@</subfield><subfield code="b">000012146431</subfield></datafield><datafield ind1=" " ind2=" " tag="042"><subfield code="a">msc</subfield></datafield><datafield ind1=" " ind2=" " tag="043"><subfield code="a">n-us-ak</subfield></datafield><datafield ind1="0" ind2="0" tag="245"><subfield code="a">Y-K Delta village voice.</subfield></datafield><datafield ind1="3" ind2="0" tag="246"><subfield code="a">YK Delta village voice</subfield></datafield><datafield ind1="3" ind2="0" tag="246"><subfield code="a">Village voice</subfield></datafield><datafield ind1="3" ind2="0" tag="246"><subfield code="a">Yukon-Kuskokwim Delta village voice</subfield></datafield><datafield ind1=" " ind2=" " tag="260"><subfield code="a">Anchorage, Alaska :</subfield><subfield code="b">Rural Newspapers-Alaska,</subfield><subfield code="c">1992-</subfield></datafield><datafield ind1=" " ind2=" " tag="300"><subfield code="a">v.</subfield></datafield><datafield ind1="0" ind2=" " tag="362"><subfield code="a">Vol. 3, ed. 33 (Aug. 13, 1992)-</subfield></datafield><datafield ind1=" " ind2=" " tag="500"><subfield code="a">" ... serving all the villages of the Yukon Kuskokwim Delta region, including Bethel."</subfield></datafield><datafield ind1=" " ind2="0" tag="651"><subfield code="a">Bethel (Alaska)</subfield><subfield code="v">Newspapers.</subfield></datafield><datafield ind1=" " ind2="7" tag="655"><subfield code="a">Newspapers.</subfield><subfield code="2">fast</subfield><subfield code="0">(OCoLC)fst01423814</subfield></datafield><datafield ind1=" " ind2="7" tag="651"><subfield code="a">Alaska</subfield><subfield code="z">Bethel.</subfield><subfield code="2">fast</subfield><subfield code="0">(OCoLC)fst01217116</subfield></datafield><datafield ind1=" " ind2=" " tag="752"><subfield code="a">United States</subfield><subfield code="b">Alaska</subfield><subfield code="d">Bethel.</subfield></datafield><datafield ind1="0" ind2="0" tag="780"><subfield code="t">Bethel village voice</subfield><subfield code="w">(DLC)sn 95060074</subfield><subfield code="w">(OCoLC)31112704</subfield></datafield></record>